<?xml version="1.0" encoding="UTF-8"?>
<record xmlns="http://www.loc.gov/MARC21/slim" xmlns:xsi="http://www.w3.org/2001/XMLSchema-instance" xsi:schemaLocation="http://www.loc.gov/MARC21/slim http://www.loc.gov/standards/marcxml/schema/MARC21slim.xsd">
<leader>     nam a2200289   4500</leader>
<controlfield tag="001">001678642</controlfield>
<controlfield tag="003">NNU</controlfield>
<controlfield tag="005">20001218210003.0</controlfield>
<controlfield tag="008">940831s1939    ua ab    b    001 0 ara d</controlfield>
<datafield tag="010" ind1=" " ind2=" ">
<subfield code="a">60025488</subfield>
</datafield>
<datafield tag="035" ind1="9" ind2=" ">
<subfield code="a">NYUb12222030</subfield>
</datafield>
<datafield tag="035" ind1=" " ind2=" ">
<subfield code="a">(CStRLIN)RIBG94-B27488</subfield>
</datafield>
<datafield tag="040" ind1=" " ind2=" ">
<subfield code="a">PU</subfield>
<subfield code="c">PSt</subfield>
<subfield code="d">RPB</subfield>
</datafield>
<datafield tag="043" ind1=" " ind2=" ">
<subfield code="a">a-ye---</subfield>
</datafield>
<datafield tag="050" ind1="0" ind2=" ">
<subfield code="a">DS247.Y47</subfield>
<subfield code="b">A75 1939</subfield>
</datafield>
<datafield tag="100" ind1="1" ind2=" ">
<subfield code="a">ʻArshī, Ḥusayn ibn Aḥmad.</subfield>
</datafield>
<datafield tag="245" ind1="1" ind2="0">
<subfield code="a">Kitāb bulūgh al-marām, fī sharḥ misk al-khitām fī man tawallá mulk al-Yaman. min malik wa-imām /</subfield>
<subfield code="c">taʼlīf al-Q&lt;aḍī Ḥusayn ibn Aḥmad al-ʻArshī ; ʻuniya bi-nashrihi Anastās Mārī al-Kirmilī.</subfield>
</datafield>
<datafield tag="260" ind1=" " ind2=" ">
<subfield code="a">al-Qāhirah :</subfield>
<subfield code="b">Maṭbaʻat al-Bartīrī,</subfield>
<subfield code="c">1939.</subfield>
</datafield>
<datafield tag="300" ind1=" " ind2=" ">
<subfield code="a">4, 442 p. :</subfield>
<subfield code="b">ill., map ;</subfield>
<subfield code="c">25 cm.</subfield>
</datafield>
<datafield tag="500" ind1=" " ind2=" ">
<subfield code="a">Added t.p. in French: Bulugh al-maram fi sharh misk al-khitam fi man tawalla mulk al-Yemen min melik wa-imam; ou, Le but atteint en étudiant le commentaire de la poésie historique des rois et imams de l'Yémen, par Hussein ibn Ahmed al Archiy, jusquʼà l'an 1318 de l'hégire (1900) Ouvrage complété jusquʼà la mi-juin 1939 et enrichi de notes lexicographiques, scientifiques et littéraires par le P. Anastase-Marie de St-Elie.</subfield>
</datafield>
<datafield tag="504" ind1=" " ind2=" ">
<subfield code="a">Includes bibliographical references (p. 334-394) and indexes.</subfield>
</datafield>
<datafield tag="651" ind1=" " ind2="0">
<subfield code="a">Yemen (Republic)</subfield>
<subfield code="x">History.</subfield>
</datafield>
<datafield tag="700" ind1="0" ind2=" ">
<subfield code="a">Anistās Mārī,</subfield>
<subfield code="c">al-Karmilī, ab,</subfield>
<subfield code="d">1866-1947.</subfield>
</datafield>
<datafield tag="740" ind1="0" ind2="1">
<subfield code="a">Bulūgh al-marām fī sharḥ misk al-khitām.</subfield>
</datafield>
<datafield tag="740" ind1="0" ind2="1">
<subfield code="a">But atteint.</subfield>
</datafield>
<datafield tag="OWN" ind1=" " ind2=" ">
<subfield code="a">GENERAL</subfield>
</datafield>
<datafield tag="950" ind1=" " ind2=" ">
<subfield code="l">BMAIN</subfield>
<subfield code="a">DS247.Y47</subfield>
<subfield code="b">A7</subfield>
</datafield>
<datafield tag="955" ind1=" " ind2=" ">
<subfield code="l">BMAIN</subfield>
<subfield code="c">1</subfield>
<subfield code="r">028814542</subfield>
</datafield>
<datafield tag="998" ind1=" " ind2=" ">
<subfield code="s">9115</subfield>
</datafield>
<datafield tag="AVA" ind1=" " ind2=" ">
<subfield code="a">NYU50</subfield>
<subfield code="b">BOBST</subfield>
<subfield code="c">Main Collection</subfield>
<subfield code="d">DS247.Y47 A7</subfield>
<subfield code="e">unavailable</subfield>
<subfield code="t">Unavailable</subfield>
<subfield code="f">1</subfield>
<subfield code="g">1</subfield>
<subfield code="h">N</subfield>
<subfield code="i">0</subfield>
<subfield code="j">MAIN</subfield>
<subfield code="k">0</subfield>
</datafield>
</record>
